% https://arxiv.org/abs/2410.19352
@article{oursland2024interpreting,
    title={Interpreting Neural Networks through Mahalanobis Distance},
    author={Oursland, Alan},
    journal={arXiv preprint arXiv:2410.19352},
    year={2024}
}

% https://arxiv.org/abs/2411.17932
@article{oursland2024neural,
    title={Neural Networks Use Distance Metrics},
    author={Oursland, Alan},
    journal={arXiv preprint arXiv:2411.17932},
    year={2024}
}

% http://bayes.acs.unt.edu:8083/BayesContent/class/Jon/MiscDocs/1936_Mahalanobis.pdf
@article{mahalanobis1936generalized,
    title={On the Generalized Distance in Statistics},
    author={Mahalanobis, Prasanta Chandra},
    journal={Proceedings of the National Institute of Sciences of India},
    volume={2},
    number={1},
    pages={49--55},
    year={1936}
}

% https://sci2s.ugr.es/keel/pdf/algorithm/articulo/1988-Broomhead-CS.pdf
@inproceedings{broomhead1988rbf,
    title={Radial Basis Functions, Multi-variable Functional Interpolation and Adaptive Networks},
    author={Broomhead, David S. and Lowe, David},
    booktitle={Royal Signals and Radar Establishment Malvern},
    year={1988}
}

% https://papers.neurips.cc/paper_files/paper/1993/file/288cc0ff022877bd3df94bc9360b9c5d-Paper.pdf
@inproceedings{bromley1994signature,
    title={Signature Verification Using a Siamese Time Delay Neural Network},
    author={Bromley, Jane and Guyon, Isabelle and LeCun, Yann and S{"a}ckinger, Eduard and Shah, Roopak},
    booktitle={Advances in Neural Information Processing Systems},
    pages={737--744},
    year={1994}
}

% https://www.cs.toronto.edu/~fritz/absps/reluICML.pdf
@inproceedings{nair2010relu,
    title={Rectified Linear Units Improve Restricted Boltzmann Machines},
    author={Nair, Vinod and Hinton, Geoffrey E.},
    booktitle={Proceedings of the 27th International Conference on Machine Learning (ICML)},
    pages={807--814},
    year={2010}
}

% https://arxiv.org/abs/1706.07979
@article{montavon2018methods,
    title={Methods for Interpreting and Understanding Deep Neural Networks},
    author={Montavon, Gr{\'e}goire and Samek, Wojciech and M{\"u}ller, Klaus-Robert},
    journal={Digital Signal Processing},
    volume={73},
    pages={1--15},
    year={2018}
}

% https://arxiv.org/abs/1708.08296
@book{samek2019explainable,
    title={Explainable AI: Interpreting, Explaining and Visualizing Deep Learning},
    author={Samek, Wojciech and Montavon, Gr{\'e}goire and Vedaldi, Andrea and Hansen, Lars Kai and M{\"u}ller, Klaus-Robert},
    publisher={Springer},
    year={2019}
}

% https://arxiv.org/abs/1312.6199
@inproceedings{szegedy2013intriguing,
    title={Intriguing Properties of Neural Networks},
    author={Szegedy, Christian and Zaremba, Wojciech and Sutskever, Ilya and Bruna, Joan and Erhan, Dumitru and Goodfellow, Ian and Fergus, Rob},
    booktitle={arXiv preprint arXiv:1312.6199},
    year={2013}
}

% https://proceedings.mlr.press/v15/glorot11a/glorot11a.pdf
@inproceedings{glorot2011deep,
    title={Deep Sparse Rectifier Neural Networks},
    author={Glorot, Xavier and Bordes, Antoine and Bengio, Yoshua},
    booktitle={Proceedings of the Fourteenth International Conference on Artificial Intelligence and Statistics},
    pages={315--323},
    year={2011}
}

% https://link.springer.com/article/10.1007/BF02478259
@article{mcculloch1943logical,
      title={A logical calculus of the ideas immanent in nervous activity},
      author={McCulloch, Warren S and Pitts, Walter},
      journal={The bulletin of mathematical biophysics},
      volume={5},
      number={4},
      pages={115--133},
      year={1943},
      publisher={Springer}
}

% https://www.scirp.org/reference/referencespapers?referenceid=547226
@article{rosenblatt1958perceptron,
      title={The perceptron: a probabilistic model for information storage and organization in the brain},
      author={Rosenblatt, Frank},
      journal={Psychological review},
      volume={65},
      number={6},
      pages={386},
      year={1958},
      publisher={American Psychological Association} 
}

% https://arxiv.org/abs/1606.03490
@article{lipton2018mythos,
      title={The mythos of model interpretability},
      author={Lipton, Zachary C},
      journal={Queue},
      volume={16},
      number={3},
      pages={31--57},
      year={2018},
      publisher={ACM New York, NY, USA}
}

% https://www.researchgate.net/publication/265022827_Visualizing_Higher-Layer_Features_of_a_Deep_Network
@article{erhan2009visualizing,
      title={Visualizing higher-layer features of a deep network},
      author={Erhan, Dumitru and Bengio, Yoshua and Courville, Aaron and Vincent, Pascal},
      journal={University of Montreal},
      volume={1341},
      number={3},
      pages={1},
      year={2009} 
}

% https://research.google/pubs/feature-visualization/
@article{olah2017feature,
      title={Feature visualization},
      author={Olah, Chris and Mordvintsev, Alexander and Schubert, Ludwig},
      journal={Distill},
      volume={2},
      number={11},
      pages={e7},
      year={2017},
      publisher={Distill Publishing Inc.}
}

% https://www.deeplearningbook.org/
@book{goodfellow2016deep,
  title={Deep Learning},
  author={Goodfellow, Ian and Bengio, Yoshua and Courville, Aaron},
  year={2016},
  publisher={MIT Press}
}

@article{post1921introduction,
  title={Introduction to a General Theory of Elementary Propositions},
  author={Post, Emil L},
  journal={American Journal of Mathematics},
  volume={43},
  number={3},
  pages={163--185},
  year={1921},
  publisher={JSTOR}
}

% https://www.researchgate.net/publication/2985446_Gradient-Based_Learning_Applied_to_Document_Recognition
@article{lecun1998gradient,
      title={Gradient-based learning applied to document recognition},
      author={LeCun, Yann and Bottou, L{\'e}on and Bengio, Yoshua and Haffner, Patrick},
      journal={Proceedings of the IEEE},
      volume={86},
      number={11},
      pages={2278--2324},
      year={1998},
      publisher={IEEE} 
}

# https://sci2s.ugr.es/keel/pdf/algorithm/articulo/1990-Kohonen-PIEEE.pdf
@article{kohonen1990learning,
  title={The self-organizing map},
  author={Kohonen, Teuvo},
  journal={Proceedings of the IEEE},
  volume={78},
  number={9},
  pages={1464--1480},
  year={1990},
  publisher={IEEE}
}

# https://papers.nips.cc/paper_files/paper/2017/hash/cb8da6767461f2812ae4290eac7cbc42-Abstract.html
@inproceedings{snell2017prototypical,
  title={Prototypical networks for few-shot learning},
  author={Snell, Jake and Swersky, Kevin and Zemel, Richard},
  booktitle={Advances in neural information processing systems},
  volume={30},
  year={2017}
}

# https://mitpress.mit.edu/9780262511025/the-handbook-of-brain-theory-and-neural-networks/
@incollection{kohonen1995learning,
  title={Learning vector quantization},
  author={Kohonen, Teuvo},
  booktitle={The Handbook of Brain Theory and Neural Networks},
  editor={Arbib, Michael A},
  pages={537--540},
  publisher={MIT Press},
  address={Cambridge, MA},
  year={1995}
}

# https://arxiv.org/abs/1502.01852
@inproceedings{he2015delving,
  title={Delving deep into rectifiers: Surpassing human-level performance on ImageNet classification},
  author={He, Kaiming and Zhang, Xiangyu and Ren, Shaoqing and Sun, Jian},
  booktitle={Proceedings of the IEEE International Conference on Computer Vision (ICCV)},
  pages={1026--1034},
  year={2015}
}

% https://arxiv.org/abs/1710.05941
@inproceedings{ramachandran2017searching,
  title={Searching for Activation Functions},
  author={Ramachandran, Prajit and Zoph, Barret and Le, Quoc V.},
  booktitle={International Conference on Learning Representations},
  year={2018},
  url={https://openreview.net/forum?id=Hk4_qw5K-},
  note={arXiv preprint arXiv:1710.05941}
}

% https://arxiv.org/abs/1908.08681
@article{misra2019mish,
  title={Mish: A Self Regularized Non-Monotonic Neural Activation Function},
  author={Misra, Diganta},
  journal={arXiv preprint arXiv:1908.08681},
  year={2019}
}
